@article{motz1951applications,
  title={Applications of the radiation from fast electron beams},
  author={Motz, Hans},
  journal={Journal of Applied Physics},
  volume={22},
  number={5},
  pages={527--535},
  year={1951},
  publisher={AIP}
}

@article{motz1953experiments,
  title={Experiments on radiation by fast electron beams},
  author={Motz, Hans and Thon, W and Whitehurst, RN},
  journal={Journal of Applied Physics},
  volume={24},
  number={7},
  pages={826--833},
  year={1953},
  publisher={AIP}
}

@article{phillips1988history,
  title={History of the ubitron},
  author={Phillips, Robert M},
  journal={Nuclear Instruments and Methods in Physics Research Section A: Accelerators, Spectrometers, Detectors and Associated Equipment},
  volume={272},
  number={1-2},
  pages={1--9},
  year={1988},
  publisher={Elsevier}
}

@article{madey1971stimulated,
  title={Stimulated emission of bremsstrahlung in a periodic magnetic field},
  author={Madey, John MJ},
  journal={Journal of Applied Physics},
  volume={42},
  number={5},
  pages={1906--1913},
  year={1971},
  publisher={AIP}
}

@article{elias1976observation,
  title={Observation of stimulated emission of radiation by relativistic electrons in a spatially periodic transverse magnetic field},
  author={Elias, Luis R and Fairbank, William M and Madey, John MJ and Schwettman, H Alan and Smith, Todd I},
  journal={Physical Review Letters},
  volume={36},
  number={13},
  pages={717},
  year={1976},
  publisher={APS}
}

@article{deacon1977first,
  title={First operation of a free-electron laser},
  author={Deacon, David AG and Elias, LR and Madey, John MJ and Ramian, GJ and Schwettman, HA and Smith, Ti I},
  journal={Physical Review Letters},
  volume={38},
  number={16},
  pages={892},
  year={1977},
  publisher={APS}
}

@article{kondratenko1980generating,
  title={Generating of coherent radiation by a relativistic electron beam in an ondulator},
  author={Kondratenko, AM and Saldin, EL},
  journal={Part. Accel.},
  volume={10},
  pages={207--216},
  year={1980}
}

@article{colson1977one,
  title={One-body electron dynamics in a free electron laser},
  author={Colson, WB},
  journal={Physics Letters A},
  volume={64},
  number={2},
  pages={190--192},
  year={1977},
  publisher={Elsevier}
}

@article{hopf1976classical,
  title={Classical theory of a free-electron laser},
  author={Hopf, FA and Meystre, Pierre and Scully, MO and Louisell, WH},
  journal={Physical Review Letters},
  volume={37},
  number={18},
  pages={1215},
  year={1976},
  publisher={APS}
}

@article{derbenev1982possibility,
  title={On the possibility of using a free electron laser for polarization of electrons in storage rings},
  author={Derbenev, Ya S and Kondratenko, AM and Saldin, EL},
  journal={Nuclear Instruments and Methods in Physics Research},
  volume={193},
  number={3},
  pages={415--421},
  year={1982},
  publisher={Elsevier}
}

@article{hogan1998measurements1,
  title={Measurements of high gain and intensity fluctuations in a self-amplified, spontaneous-emission free-electron laser},
  author={Hogan, M and Pellegrini, C and Rosenzweig, J and Travish, G and Varfolomeev, A and Anderson, S and Bishofberger, K and Frigola, P and Murokh, A and Osmanov, N and others},
  journal={Physical review letters},
  volume={80},
  number={2},
  pages={289},
  year={1998},
  publisher={APS}
}

@article{hogan1998measurements2,
  title={Measurements of Gain Larger than 10 5 at 12 $\mu$ m in a Self-Amplified Spontaneous-Emission Free-Electron Laser},
  author={Hogan, MJ and Pellegrini, C and Rosenzweig, J and Anderson, S and Frigola, P and Tremaine, A and Fortgang, C and Nguyen, DC and Sheffield, RL and Kinross-Wright, J and others},
  journal={Physical Review Letters},
  volume={81},
  number={22},
  pages={4867},
  year={1998},
  publisher={APS}
}

@article{ischebeck2003study,
  title={Study of the transverse coherence at the TTF free electron laser},
  author={Ischebeck, R and Feldhaus, J and Gerth, Ch and Saldin, E and Schm{\"u}ser, P and Schneidmiller, E and Steeg, B and Tiedtke, K and Tonutti, M and Treusch, R and others},
  journal={Nuclear Instruments and Methods in Physics Research Section A: Accelerators, Spectrometers, Detectors and Associated Equipment},
  volume={507},
  number={1-2},
  pages={175--180},
  year={2003},
  publisher={Elsevier}
}

@article{ackermann2007operation,
  title={Operation of a free-electron laser from the extreme ultraviolet to the water window},
  author={Ackermann, Wet al and Asova, G and Ayvazyan, V and Azima, A and Baboi, N and B{\"a}hr, J and Balandin, V and Beutner, B and Brandt, A and Bolzmann, A and others},
  journal={Nature photonics},
  volume={1},
  number={6},
  pages={336},
  year={2007},
  publisher={Nature Publishing Group}
}

@article{emma2010first,
  title={First lasing and operation of an {\aa}ngstrom-wavelength free-electron laser},
  author={Emma, Paul and Akre, R and Arthur, J and Bionta, R and Bostedt, C and Bozek, J and Brachmann, A and Bucksbaum, P and Coffee, Ryan and Decker, F-J and others},
  journal={nature photonics},
  volume={4},
  number={9},
  pages={641},
  year={2010},
  publisher={Nature Publishing Group}
}

@article{pile2011x,
  title={X-rays: First light from SACLA},
  author={Pile, David},
  journal={Nature Photonics},
  volume={5},
  number={8},
  pages={456},
  year={2011},
  publisher={Nature Publishing Group}
}

@article{赵振堂47x,
  title={X 射线自由电子激光},
  author={赵振堂 and 冯超},
  journal={物理},
  volume={47},
  number={8},
  pages={481--490}
}

@article{xie1995saturation,
  title={The saturation of the Beijing FEL},
  author={Xie, Jialin and Zhuang, Jiejia and Huang, Yongzhang and Li, Yonggui and Lin, Shaobo and Ying, Runjie and Zhong, Yuanyuan and Zhang, Lingyi and Wu, Gang and Zhang, Yuzhen and others},
  journal={Nuclear Instruments and Methods in Physics Research Section A: Accelerators, Spectrometers, Detectors and Associated Equipment},
  volume={358},
  number={1-3},
  pages={256--259},
  year={1995},
  publisher={Elsevier}
}

@article{li2005first,
  title={First Lasing of the CAEP FIR-FEL},
  author={Li, Maozhen and Jin, X and Xu, Z},
  year={2005}
}

@article{zhao2016seeded,
  title={Seeded FEL Experiments at the SDUV-FEL Test Facility},
  author={Zhao, ZT and Wang, D},
  journal={IEEE Transactions on Nuclear Science},
  volume={63},
  number={2},
  pages={930--938},
  year={2016},
  publisher={IEEE}
}

@article{zhao2018sclf,
  title={SCLF: An 8-GeV CW SCRF linac-based X-ray FEL facility in Shanghai},
  author={Zhao, Zhentang and Wang, Dong and Yin, Lixin and Yang, Zi-Hui},
  year={2018}
}

@book{IEEE-1363,
  author =       {{IEEE Std 1363-2000}},
  title =        {{IEEE} Standard Specifications for Public-Key Cryptography},
  address =      {New York},
  publisher =    {IEEE},
  year =         2000
}

@inproceedings{kocher99,
  author =       {C. Kocher and J. Jaffe and B. Jun},
  title =        {Differential Power Analysis},
  editor =       {M. Wiener},
  booktitle =    {Advances in Cryptology ({CRYPTO}~'99)},
  series =       {Lecture Notes in Computer Science},
  volume =       1666,
  pages =        {388-397},
  publisher =    {Springer-Verlag},
  address   =    {Germany},
  month =        {August},
  year =         1999
}

@incollection{Krasnogor2004e,
  author =       {N. Krasnogor},
  title =        {Towards robust memetic algorithms},
  booktitle =    {Recent Advances in Memetic Algorithms},
  publisher =    {Springer Berlin Heidelberg},
  year =         2004,
  pages =        {185-207},
  editor =       {W.E. Hart and N. Krasnogor and J.E. Smith},
  volume =       166,
  series =       {Studies in Fuzziness and Soft Computing},
  address =      {New York},
}

@incollection{zjsw,
  author =       {班固},
  title =        {苏武传},
  booktitle =    {传记散文英华},
  publisher =    {湖北人民出版社},
  year =         1998,
  pages =        {65-69},
  editor =       {郑在瀛 and 汪超宏 and 周文复},
  volume =       2,
  series =       {新古文观止丛书},
  address =      {武汉},
}

@inbook{clzs,
  author =       {阎真},
  title =        {沧浪之水},
  chapter =      {大人物还是讲人情的},
  pages =        {185-207},
  publisher =    {人民文学出版社},
  address =      {北京},
  year =         2001,
}

@book{tex,
  author =       "Donald E. Knuth",
  title =        "The {\TeX} Book",
  publisher =    "Addison-Wesley Publishing Company",
  address =      "Reading, MA",
  year =         1989,
  edition =      "15th",
}

@book{companion,
  author =       "Michel Goosens and Frank Mittelbach and Alexander Samarin",
  title =        "The {\LaTeX} Companion",
  publisher =    "Addison-Wesley Publishing Company",
  address =      "Reading, MA",
  PAGES =        "112--125",
  year =         1994,
}

@article{ELIDRISSI94,
  author =       "{Chafik El Idrissi}, M. and {Roney}, A. and {Frigon}, C. and
                  {Larzilli{\`e}re}, M.",
  title =        "Measurements of total kinetic-energy released to the {$N=2$}
                  dissociation limit of {H}$_2$ --- evidence of the dissociation
                  of very high vibrational {R}ydberg states of {H}$_2$ by
                  doubly-excited states",
  journal =      "Chemical Physics Letters",
  pages =        "260-266",
  volume =       224,
  number =       10,
  year =         1994,
}

@article{MELLINGER96,
  author =       "Mellinger, A. and Vidal, C. R. and Jungen, Ch.",
  title =        "Laser reduced fluorescence study of the carbon-monoxide nd
                  triplet {R}ydberg series-experimental results and multichannel
                  quantum-defect analysis",
  journal =      "J. Chem. Phys.",
  pages =        "8913-8921",
  volume =       104,
  number =       5,
  year =         1996,
}

@article{SHELL02,
  author =       "Michael Shell",
  title =        "How to Use the {IEEEtran \LaTeX} Class",
  journal =      "Journal of {\LaTeX} Class Files",
  year =         2002,
  volume =       12,
  number =       4,
  pages =        "100--120"
}

@TechReport{NPB2,
  title =        {The {NAS} Parallel Benchmarks 2.0},
  author =       {Alex Woo and David Bailey and Maurice Yarrow and Wijngaart
                  Wijngaart and Tim Harris and William Saphir},
  year =         1995,
  month =        dec # "~05",
  institution =  "The Pennsylvania State University CiteSeer Archives",
  url =          "http://www.nasa.org/"
}

@inproceedings{DPMG,
  author =       {Kim, Sangbum and Woo, Namyoon and Yeom, Heon Y. and Park,
                  Taesoon and Park, Hyoungwoo},
  title =        {Design and {I}mplementation of {D}ynamic {P}rocess
                  {M}anagement for {G}rid-enabled {MPICH}},
  booktitle =    {the 10th European PVM/MPI Users' Group Conference},
  editor =       {Jack Dongarra and Domenico Laforenza and Salvatore Orlando},
  publisher =    {Springer-Verlag},
  year =         2003,
  address =      {Venice, Italy},
  month =        sep,
}

@inproceedings{cnproceed,
  author =       {王重阳 and 黄药师 and 欧阳峰 and 洪七公 and 段皇帝},
  publisher =    {金大庸},
  title =        {武林高手从入门到精通},
  booktitle =    {第~$N$~次华山论剑},
  year =         2006,
  address =      {西安, 中国},
  month =        sep,
}

@article{cnarticle,
  author =       "贾宝玉 and 林黛玉 and 薛宝钗 and 贾探春",
  title =        "论刘姥姥食量大如牛之现实意义",
  journal =      "红楼梦杂谈",
  pages =        "260--266",
  volume =       224,
  year =         1800,
}

@mastersthesis{zhubajie,
  author =       {猪八戒},
  title =        {论流体食物的持久保存},
  school =       {广寒宫大学},
  year =         2005,
  address =      {北京},
}

@phdthesis{shaheshang,
  author =       {沙和尚},
  title =        {论流沙河的综合治理},
  school =       {清华大学},
  year =         2005,
  address =      {北京},
}

@mastersthesis{metamori2004,
  author =       {Ashwin Raju Jeyakumar},
  title =        {Metamori: A library for Incremental File Checkpointing},
  school =       {Virgina Tech},
  year =         2004,
  month =        jun # "~21",
  address =      {Blacksburg},
}

@phdthesis{FistSystem01,
  author =       "Erez Zadok",
  title =        "{FiST: A System for Stackable File System Code Generation}",
  year =         2001,
  month =        "May",
  school =       "Computer Science Department, Columbia University",
  address =      "USA"
}

@inbook{ColdSources,
  author =       {P. Gr{\"o}ning and L. Nilsson and P. Ruffieux and R.
                  Clergereaux and O. Gr{\"o}ning},
  title =        {Encyclopedia of Nanoscience and Nanotechnology},
  pages =        {547--579},
  publisher =    {American Scientific Publishers},
  year =         2004,
  volume =       1,
  address =      {USA},
}

@online{chuban2001,
  author =      {萧钰},
  title =       {出版业信息化迈入快车道},
  date  =       {2001-12-19},
  urldate =     {2002-04-15},
  url =         {http://www.creader.com/news/200112190019.htm},
}

@online{oclc2000,
  author =      {{Online Computer Library Center, Inc.}},
  title =       {History of {OCLC}},
  year =        2000,
  urldate =     {2000-01-08},
  url =         {http://www.oclc.org/about/history/default.htm},
}


@online{thuthesis,
  author =      {薛瑞尼},
  title =       {ThuThesis: 清华大学学位论文模板},
  urldate =     {2019-04-27},
  url =         {https://github.com/xueruini/thuthesis},
  year =        2017,
}
